<record><leader>00000cas a22000007a 4500</leader><controlfield tag="001">10291823</controlfield><controlfield tag="008">840112d1915195uohuwr ne      0    0eng d</controlfield><datafield ind1=" " ind2=" " tag="010"><subfield code="a">sn 84028005 </subfield></datafield><datafield ind1=" " ind2=" " tag="040"><subfield code="a">NPY</subfield><subfield code="b">eng</subfield><subfield code="c">NPY</subfield><subfield code="d">OCL</subfield><subfield code="d">OCLCQ</subfield></datafield><datafield ind1=" " ind2=" " tag="019"><subfield code="a">9430667</subfield></datafield><datafield ind1=" " ind2=" " tag="042"><subfield code="a">msc</subfield></datafield><datafield ind1="0" ind2="4" tag="245"><subfield code="a">The Suburban news and herald.</subfield></datafield><datafield ind1=" " ind2=" " tag="260"><subfield code="a">Cleveland (Lakewood) Ohio :</subfield><subfield code="b">Suburban Pub. Co.</subfield></datafield><datafield ind1=" " ind2=" " tag="300"><subfield code="a">v. :</subfield><subfield code="b">ill. ;</subfield><subfield code="c">56 cm.</subfield></datafield><datafield ind1=" " ind2=" " tag="310"><subfield code="a">Weekly</subfield></datafield><datafield ind1="1" ind2=" " tag="362"><subfield code="a">Began in Feb. 1915.</subfield><subfield code="z">Gutgesell, S. Guide to Ohio newspapers, 1974.</subfield></datafield><datafield ind1=" " ind2=" " tag="500"><subfield code="a">Published on Friday.</subfield></datafield><datafield ind1=" " ind2=" " tag="500"><subfield code="a">Editor: F.G. Theuer, &lt;1929&gt;-1954.</subfield></datafield><datafield ind1=" " ind2=" " tag="588"><subfield code="a">Description based on: Twenty-seventh year, no. 51 (June 30, 1939).</subfield></datafield><datafield ind1="1" ind2=" " tag="700"><subfield code="a">Theuer, Fred G.,</subfield><subfield code="d">1893-1954.</subfield></datafield><datafield ind1=" " ind2=" " tag="752"><subfield code="a">United States</subfield><subfield code="b">Ohio</subfield><subfield code="c">Cuyahoga</subfield><subfield code="d">Lakewood.</subfield></datafield><datafield ind1="0" ind2="4" tag="780"><subfield code="t">Lakewood news</subfield></datafield><datafield ind1="0" ind2="4" tag="780"><subfield code="t">Lakewood herald</subfield></datafield></record>